% This file was created with JabRef 2.9b2.
% Encoding: UTF-8

@CONFERENCE{AlfaroGarcia2006,
  author = {Alfaro Garc\'ia ,Mar\'ia Elena. and Caballero Dom\'inguez, Antonio
	Jes\'us},
  title = {Indices Nacionales De Satisfacci\'on: Una Vista General},
  booktitle = {Congreso de Metodolog\'ia de Encuestas.},
  year = {2006},
  month = {septiembre},
  location = {Pamplona,},
  owner = {montxo},
  timestamp = {2014.02.27}
}

@ARTICLE{Alves2008,
  author = {Alves, Helena and Raposo, Mario},
  title = {The measurement of the construct of the construct satisfaction in
	higher education},
  journal = {The Service Industries Journal},
  year = {2009},
  volume = {29},
  pages = {203 - 218},
  number = {2},
  month = {February}
}

@ARTICLE{Alves2007,
  author = {Alves, H. and Raposo,M},
  title = {Conceptual Model of Student Satisfaction in Higher Education},
  journal = { Total Quality Management },
  year = {2007},
  volume = {Vol. 18},
  pages = {571-588},
  number = {5},
  month = {July},
  owner = {montxo},
  timestamp = {2013.08.02}
}

@ARTICLE{Alves2007a,
  author = {Alves, H. and Raposo, M},
  title = {Student Satisfaction Index in Portuguese Public Higher Education},
  journal = {The Service Industries Journal},
  year = {2007},
  volume = {27},
  pages = {795-808},
  number = {6},
  owner = {montxo},
  timestamp = {2013.08.02}
}

@ARTICLE{Alves2004,
  author = {Alves, Helena and Raposo, Mario},
  title = {La medici\'on de la satisfacci\'on en la ense\~nanza universitaria:
	El ejemplo de la Universidade da Beira Interior},
  journal = {International Review on Public and Nonprofit Marketing},
  year = {2005},
  volume = {1},
  pages = {73-88},
  number = {1},
  owner = {montxo},
  timestamp = {2013.08.07}
}

@ARTICLE{Asparouhov2005,
  author = {Asparouhov, T.},
  title = {Sampling Weights in Latent Variable Modeling},
  journal = {Structural equation modeling},
  year = {2005},
  volume = {12},
  pages = {411-434},
  number = {3},
  owner = {montxo},
  timestamp = {2013.08.02}
}

@ARTICLE{bakk:WP:variance,
  author = {Bakk, Z. and Oberski, D.L. and Vermunt, J.K.},
  title = {Relating latent class assignments to external variables: standard
	errors for corrected inference},
  year = {submitted},
  bdsk-url-1 = {http://daob.nl/wp-content/uploads/2013/06/bakk-oberski-vermunt-Relating-latent-class-assignments-to-external-variables-standard-errors-for-corrected-inference-2013.pdf},
  date-added = {2013-06-30 11:35:25 +0000},
  date-modified = {2013-06-30 11:36:52 +0000},
  url = {http://daob.nl/wp-content/uploads/2013/06/bakk-oberski-vermunt-Relating-latent-class-assignments-to-external-variables-standard-errors-for-corrected-inference-2013.pdf}
}

@ARTICLE{Bartlett1951,
  author = {Bartlett, M.S.},
  title = {The Effect of Standardization on a chi square Approximation in Factor
	Analysis},
  journal = {Biometrika},
  year = {1951},
  volume = {38},
  pages = {337-344}
}

@MANUAL{Bertossi2012,
  title = {semGOF: Goodness-of-fit indexes for structural equation models},
  author = {Elena Bertossi},
  year = {2012},
  note = {R package version 0.2-0},
  owner = {montxo},
  timestamp = {2013.08.02},
  url = {http://CRAN.R-project.org/package=semGOF}
}

@BOOK{Blanco2006,
  title = {Introducci\'on al an\'alisis multivariado},
  publisher = {Universidad de la Rep\'ublica},
  year = {2006},
  author = {Jorge Blanco},
  owner = {vernie},
  timestamp = {2013.09.30}
}

@ARTICLE{Blanco2007,
  author = {Blanco, Ricardo J. and Blanco Peck, Richard.},
  title = {La medici\'on de la calidad de servicios en la educaci\'on universitaria},
  journal = {Cuaderno de Investigaci\'on en la Educaci\'on},
  year = {2007},
  volume = {22},
  pages = {121-136},
  number = {7},
  month = {Diciembre},
  owner = {montxo},
  timestamp = {2013.08.09}
}

@ARTICLE{Brunner2005,
  author = {Brunner, J.},
  title = {Transformaciones de la universidad p\'ublica},
  journal = {Revista de sociolog\'ia},
  year = {2005},
  volume = {19},
  pages = {31-49},
  note = {Facultad de Ciencias Sociales - Universidad de Chile },
  owner = {montxo},
  timestamp = {2014.02.26}
}

@TECHREPORT{CasasGuillen,
  author = {Casas Guill\'en, M.},
  title = {Los modelos de ecuaciones estructurales y su aplicaci\'on en el Indice
	Europeo de Satisfacci\'on del Cliente},
  institution = {Facultad de Econ\'omicas, Universidad San Pablo, CEU.},
  owner = {montxo},
  timestamp = {2013.08.02}
}

@BOOK{Casella,
  title = {Statistical Inference, 2nd Edition},
  publisher = {Duxbury},
  year = {2002},
  author = {George Casella and Roger L. Berger},
  owner = {elena},
  timestamp = {2013.09.02}
}

@ARTICLE{Ciavolino2007,
  author = {Ciavolino, E. and Dahlgaard, J. J.},
  title = {ECSI - Customer Satisfaction Modelling and Analysis: A Case Study.},
  journal = {Total Quality Management \& Business Excellence},
  year = {2007},
  volume = {18(5)},
  pages = {545-554},
  owner = {montxo},
  timestamp = {2014.02.14}
}

@ARTICLE{Fornell1996,
  author = {Claes, Fornell and Michael D., Johnson and Eugene W., Anderson and
	Jaesung, Cha and Barbara Everitt Bryant},
  title = {The American Customer Satisfaction Index: Nature, Purpose, and Findings},
  journal = {Journal of Marketing},
  year = {1996},
  volume = {60},
  pages = {7-18},
  month = {Octubre}
}

@ARTICLE{Clark1972,
  author = {Clark, Burton},
  title = {The Organizational Saga in Higher Education.},
  journal = {Administrative Science Quarterly},
  year = {1972},
  month = {June},
  owner = {montxo},
  timestamp = {2014.02.26}
}

@ARTICLE{Coaldrake2001,
  author = {Coaldrake,P.},
  title = {Responding to changing student expectations},
  journal = {Higher Education Management},
  year = {2001},
  volume = {13},
  pages = {75-92},
  number = {2)},
  owner = {montxo},
  timestamp = {2014.02.24}
}

@ARTICLE{Cronbach1951,
  author = {Lee. J. Cronbach},
  title = {Coefficient alpha and the internal strucuture of tests. Psychometrika},
  journal = {Psychometrika},
  year = {1951},
  volume = {16},
  pages = {297-334},
  number = {3},
  month = {Setiembre}
}

@TECHREPORT{Decanato2007,
  author = {Equipo de Decanato},
  title = {Informe de Autoevaluaci\'on Institucional},
  institution = {Facultad de Ciencias Econ\'omicas y de Administraci\'on. UdelaR.},
  year = {2007},
  owner = {montxo},
  timestamp = {2014.02.14}
}

@CONFERENCE{Dermanov2001,
  author = {Dermanov, Vassily and Eklof, Jan},
  title = {USING AGGREGATE CUSTOMER SATISFACTION INDEX - CHALLENGES AND PROBLEMS
	ON COMPARISON WITH SPECIAL REFERENCE TO RUSSIA},
  year = {2001},
  owner = {montxo},
  timestamp = {2013.08.09}
}

@BOOK{Dillon1984,
  title = {Multivariate analysis methods and applications},
  year = {1984},
  author = {Dillon, W.R and Goldstein, M.},
  owner = {montxo},
  timestamp = {2013.08.02}
}

@PERIODICAL{AnuarioMEC2010,
  title = {Anuario Estad\'istico de Educaci\'on 2009. Montevideo},
  year = {2010},
  editor = {Ministerio de Educaci\'on y Cultura. \'Area de Investigaci\'on y
	Estad\'istica.},
  organization = {Ministerio de Educaci\'on y Cultura.},
  author = {Ministerio de Educación y Cultura. Área de Investigación y Estadística.
	(2010). Anuario Estadístico de Educación 2009. Montevideo: Ministerio
	de Educación y Cultura. },
  owner = {montxo},
  timestamp = {2014.02.14}
}

@BOOK{Etkin2000,
  title = {Identidad de las Organizaciones. Invariancia y Cambio},
  publisher = {Paid \'os},
  year = {2000},
  author = {Etkin, and Schvarstein,},
  owner = {montxo},
  timestamp = {2014.02.14}
}

@TECHREPORT{EvalConsejo2005,
  author = {Comisi\'on de Evaluaci\'on Institucional del Consejo},
  title = {Informe de Autoevaluaci\'on Institucional.},
  institution = {Facultad de Ciencias Econ\'omicas y de Administraci\'on. UdelaR.},
  year = {2005},
  owner = {montxo},
  timestamp = {2014.02.14}
}

@BOOK{Eye1994,
  title = {Latent variables analysis : applications for developmental research},
  publisher = {Sage},
  year = {1994},
  author = {Eye, Alexander},
  address = {Thousand Oaks, Calif},
  isbn = {978-0803953314},
  owner = {montxo},
  timestamp = {2013.08.02}
}

@ARTICLE{Fornell1996a,
  author = {Fornell, C.and Johnson, M. D. and Anderson, E. W. and Cha, J. and
	Bryant, B. E.},
  title = {The American Cus- tomer Satisfaction Index: Nature, purpose, and
	findings},
  journal = {Journal of Marketing},
  year = {1996},
  volume = {60 },
  pages = {7-18},
  number = {4},
  owner = {montxo},
  timestamp = {2014.02.27}
}

@ARTICLE{Fox2006,
  author = {Fox, J.},
  title = {Structural Equation Modeling With the Package in R},
  journal = {STRUCTURAL EQUATION MODELING},
  year = {2006},
  volume = {13},
  pages = {465-486},
  number = {3},
  owner = {montxo},
  timestamp = {2013.08.02}
}

@MANUAL{Fox2013,
  title = {sem: Structural Equation Models},
  author = {John Fox and Zhenghua Nie and Jarrett Byrnes},
  year = {2013},
  note = {R package version 3.1-1},
  owner = {montxo},
  timestamp = {2013.08.02},
  url = {http://CRAN.R-project.org/package=sem}
}

@CONFERENCE{Freira2011,
  author = {Freira, Danny and Alvarez, Ram\'on and Litwin, Elianne and Arrarte,
	Cecilia and Amiel, Joaqu\'in},
  title = {ENCUESTA SOBRE SATISFACCI\'ON ESTUDIANTIL EN LA EDUCACI\'ON SUPERIOR
	DE LA FACULTAD DE CIENCIAS ECON\'OMICAS Y DE ADMINISTRACI\'ON},
  year = {2011},
  organization = {Facultad de Ciencias Econ\'omicas y de Administraci\'on (FCCEEyA),
	Universidad de la Rep\'ublica (UdelaR)},
  owner = {montxo},
  timestamp = {2013.08.09}
}

@CONFERENCE{Garcia2006,
  author = {Alfaro Garc\'ia and Mar\'ia Elena and Caballero Dom\'inguez and Antonio
	Jes\'us},
  title = {INDICES NACIONALES DE SATISFACCI\'ON: UNA VISTA GENERAL},
  year = {2006},
  organization = {Universidad Complutense de Madrid},
  owner = {montxo},
  timestamp = {2013.08.09}
}

@ARTICLE{Gracia2008,
  author = {Gracia, M.},
  title = {Los determinantes de la Competitividad nacional. An\'alisis y reflexiones},
  journal = {Temas de Ciencia y Tecnolog\'ia},
  year = {2008},
  volume = {12},
  pages = {12-24},
  number = {36},
  owner = {montxo},
  timestamp = {2014.02.24}
}

@ARTICLE{Hill1995,
  author = {Hill, F.M.},
  title = {Managing service quality in higher education: the role of the student
	as primary consumer},
  journal = {uality Assurance in Education},
  year = {1995},
  volume = {3},
  pages = {10-21},
  number = {3,},
  owner = {montxo},
  timestamp = {2014.02.27}
}

@ARTICLE{Hothorn2006,
  author = {Hothorn, Torsten. and Hornik, Kurt. and Zeileis,Achim.},
  title = {Unbiased Recursive Partitioning: A Conditional Inference Framework.},
  journal = {Journal of Computational and Graphical Statistics},
  year = {2006},
  volume = {15(3)},
  pages = {651-674},
  owner = {montxo},
  timestamp = {2014.02.14}
}

@BOOK{Jaques2004,
  title = {La Organizaci\'on Requerida},
  publisher = {Buenos Aires, Argentina: Granica.},
  year = {2004},
  author = {Jaques, Elliot.},
  edition = {Segunda Edici\'on},
  owner = {montxo},
  timestamp = {2014.02.26}
}

@ARTICLE{Johnson2001,
  author = {Johnson, M. and Gustafsson, A. and Andreassen, T. and Lervik, L.
	and Cha, J.},
  title = {The evolution and future of national customer satisfaction index
	models.},
  journal = {Journal of Economic Psychology},
  year = {2001},
  volume = {22},
  pages = {217-245},
  owner = {montxo},
  timestamp = {2014.02.27}
}

@ARTICLE{Juran1993,
  author = {Juran, Joseph M.},
  title = {Made in U.S.A.: A renaissance in quality},
  journal = {Harvard Business Review},
  year = {1993},
  volume = {71 },
  pages = {42-50},
  number = {4},
  owner = {montxo},
  timestamp = {2014.02.27}
}

@ARTICLE{Kankainen2003,
  author = {Kankainen, A. and Taskinen, S. and Oja, H.},
  title = {On Mardia's Tests of Multinormality},
  year = {2003},
  owner = {vernie},
  timestamp = {2013.10.11}
}

@BOOK{Kline2011,
  title = {Principles and Practice of Structural Equation Modeling},
  publisher = {The Guilford Press},
  year = {2011},
  author = {Kline,R.B},
  owner = {montxo},
  timestamp = {2013.08.02}
}

@ARTICLE{LopezGarcia2004,
  author = {L\'opez Garc\'ia, M.},
  title = {Consideraciones sobre la dinámica de la resistencia a los cambios
	de segundo orden (transformacionales) en la Universidad Venezolana.},
  journal = {Revista de Investigaciones en Educación y Ciencias Sociales},
  year = {2004},
  volume = {25},
  owner = {montxo},
  timestamp = {2014.02.14}
}

@ARTICLE{LeBlanc1997,
  author = {LeBlanc, G. and Nguyen, N.},
  title = {Searching for excellence in business education: an exploratory study
	of customer impressions of service quality},
  journal = {International Journal of Educational Management},
  year = {1997},
  volume = {11(2)},
  pages = {72-79},
  owner = {montxo},
  timestamp = {2014.02.14}
}

@ARTICLE{Leite2007,
  author = {Leite, R. S. and Filho, C. G.},
  title = {UM ESTUDO EMPIRICO DA APLICAÇAO DO INDICE EUROPEU DE SATISFAÇAO DE
	CLIENTES (ECSI) NO BRASIL.},
  journal = {Revista de Administracao Mackenzie},
  year = {2007},
  volume = {8(4)},
  pages = {178-200},
  owner = {montxo},
  timestamp = {2014.02.14}
}

@ARTICLE{Lopes2009,
  author = {Lopes, H. E. G. and Pereira, C. C. de P. and Vieira, A. F. S.},
  title = {COMPARAÇÃO ENTRE OS MODELOS NORTEAMERICANO (ACSI) E EUROPEU (ECSI)
	DE SATISFAÇÃO DO CLIENTE: UM ESTUDO NO SETOR DE SERVIÇOS},
  journal = {Revista de Administracao Mackenzie},
  year = {2009},
  volume = {10(1)},
  pages = {161-187},
  owner = {montxo},
  timestamp = {2014.02.14}
}

@MANUAL{Lumley2012,
  title = {survey: analysis of complex survey samples. R package version 3.28-2.},
  author = {Thomas Lumley},
  year = {2012},
  owner = {montxo},
  timestamp = {2014.02.14}
}

@ARTICLE{Lumley2004,
  author = {Thomas Lumley},
  title = {Analysis of Complex Survey Samples},
  journal = {J of Statistical Software},
  year = {2004},
  volume = {9},
  pages = {1--19},
  number = {8},
  month = {4},
  accepted = {2004-04-15},
  bibdate = {2004-04-15},
  coden = {JSSOBK},
  day = {15},
  issn = {1548-7660},
  owner = {montxo},
  submitted = {2003-08-21},
  timestamp = {2009.09.04},
  url = {http://www.jstatsoft.org/v09/i08}
}

@ARTICLE{Mardia1970,
  author = {K. V. Mardia},
  title = {Measures of Multivariate Skewness and Kurtosis with Applications},
  journal = {Biometrika},
  year = {1970},
  volume = {57},
  pages = {519-530},
  number = {3},
  month = {Diciembre}
}

@ARTICLE{Martensen2000,
  author = {Martensen, A.and Eskildsen, J. and Gronholdt, L. and Kristensen,
	K.},
  title = {Measuring Student oriented quality in higher Education: application
	of the ECSI Methodology.},
  journal = {Sinergie Rapporti di ricerca},
  year = {2000},
  volume = {9},
  owner = {montxo},
  timestamp = {2014.02.14}
}

@ARTICLE{Melleiro2009,
  author = {Melleiro, M. and Cruz, W.},
  title = {Users satisfaction based on the dimensions of quality of Parasuraman,
	Zeithaml and Berry},
  journal = {Online Brazilian Journal of Nursing},
  year = {2009},
  volume = {8(2)},
  owner = {montxo},
  timestamp = {2014.02.14}
}

@CONFERENCE{MendesVieira2008,
  author = {Mendes Vieira, K. and Tavares Milach, F. and Huppes, D.},
  title = {Ecuacoes Estructurais Aplicadas a Satisfacao dos Alunos: Um estudo
	no Curso de Ciencias Contabeis da Universidade Federal de Santa Maria.
	R Cont Fin - USP},
  year = {2008},
  volume = {19(48)},
  owner = {montxo},
  timestamp = {2014.02.14}
}

@ARTICLE{Monecke:Leisch:2012:JSSOBK:v48i03,
  author = {Armin Monecke and Friedrich Leisch},
  title = {semPLS: Structural Equation Modeling Using Partial Least Squares},
  journal = {Journal of Statistical Software},
  year = {2012},
  volume = {48},
  pages = {1--32},
  number = {3},
  month = {5},
  accepted = {2012-04-16},
  bibdate = {2012-04-16},
  coden = {JSSOBK},
  day = {24},
  issn = {1548-7660},
  owner = {montxo},
  submitted = {2011-09-21},
  timestamp = {2013.08.02},
  url = {http://www.jstatsoft.org/v48/i03}
}

@ARTICLE{NunezPaula2011,
  author = {N\'u\~nez Paula ,Israel A.},
  title = {Usos y definiciones de los t\'erminos relativos a los usuarios o
	clientes.},
  journal = {Revista Interamericana de Bibliotecolog\'ia;},
  year = {2011},
  volume = {23},
  number = {1-2},
  owner = {montxo},
  timestamp = {2014.02.26}
}

@INPROCEEDINGS{Oberski:WP:design-effects,
  author = {Oberski, D.L.},
  title = {Conditional Design Effects for Structural Equation Model estimates},
  booktitle = {Proceedings of the 59th World Statistics Congress 2013},
  year = {2013},
  editor = {International Statistical Institute},
  address = {Hong Kong},
  bdsk-url-1 = {http://daob.nl/wp-content/uploads/2013/04/hk-oberski.pdf},
  date-added = {2013-04-12 14:31:17 +0000},
  date-modified = {2013-04-12 14:35:25 +0000},
  owner = {montxo},
  timestamp = {2014.02.27},
  url = {http://daob.nl/wp-content/uploads/2013/04/hk-oberski.pdf}
}

@ARTICLE{Oberski:WP:SEM-IPC,
  author = {Oberski, D.L.},
  title = {A Flexible Method to Explain Differences in Structural Equation Model
	Parameters over Subgroups},
  year = {en fase de evaluaci\'on},
  bdsk-url-1 = {http://daob.nl/wp-content/uploads/2013/04/SEM-IPC-manuscript.pdf},
  comment = {<a href="http://goo.gl/fstgW">Data and R code for the example application</a>},
  date-modified = {2013-06-30 11:33:51 +0000},
  owner = {montxo},
  timestamp = {2013.10.11},
  url = {http://daob.nl/wp-content/uploads/2013/06/SEM-IPC-manuscript-new.pdf}
}

@ARTICLE{oberski_lavaan,
  author = {Oberski, D.L.},
  title = {lavaan.survey: An R Package for Complex Survey Analysis of Structural
	Equation Models},
  journal = {Journal of Statistical Software},
  year = {conditionally accepted},
  bdsk-url-1 = {http://daob.nl/wp-content/uploads/2013/05/lavaan-survey.pdf},
  comment = {<a href="http://daob.nl/wp-content/uploads/2013/05/lavaan.survey-examples-paper.zip">Examples
	and data from the paper (zip file)</a>},
  owner = {montxo},
  timestamp = {2013.10.11},
  url = {http://daob.nl/wp-content/uploads/2013/05/lavaan-survey.pdf}
}

@MANUAL{Oberski2013,
  title = {lavaan.survey: Complex survey structural equation modeling (SEM)},
  author = {Daniel Oberski},
  year = {2013},
  note = {R package version 0.8},
  owner = {montxo},
  timestamp = {2013.08.02},
  url = {http://CRAN.R-project.org/package=lavaan.survey}
}

@ARTICLE{OberskiSatorra2013,
  author = {Oberski, D. and Satorra, A.},
  title = {Measurement error models with uncertainty about the error variance},
  journal = {Structural Equation Modeling},
  year = {2013},
  volume = {20},
  pages = {409-428},
  bdsk-url-1 = {http://daob.nl/wp-content/uploads/2013/03/Oberski-Satorra-Measurement-error-models-with-uncertainty-about-the-error-variance-2013.pdf},
  doi = {10.1080/10705511.2013.797820},
  issn = {1070-5511},
  owner = {montxo},
  publisher = {Taylor \& Francis},
  timestamp = {2013.10.11},
  url = {http://daob.nl/wp-content/uploads/2013/03/Oberski-Satorra-Measurement-error-models-with-uncertainty-about-the-error-variance-2013.pdf}
}

@BOOK{Oddone2004,
  title = {Educaci\'on Superior en Uruguay: Descripci\'on y financiamiento.},
  year = {2004},
  author = {Oddone,G. and Perera, M.},
  owner = {montxo},
  timestamp = {2014.02.14}
}

@OTHER{OECD,
  __markedentry = {[montxo:6]},
  author = {OECD},
  owner = {montxo},
  pages = {--},
  publisher = {OECD Publishing},
  timestamp = {2014.02.27},
  title = {Education at a Glance 2012},
  url = {/content/book/eag-2012-en}
}

@BOOK{OECD2012,
  title = {Education at a Glance 2012: OECD Indicators},
  publisher = {OECD Publishing.},
  year = {2012},
  author = {OECD},
  doi = {http://dx.doi.org/10.1787/eag-2012-en.},
  owner = {montxo},
  timestamp = {2014.02.27},
  url = {/content/book/eag-2012-en}
}

@TECHREPORT{OECD2008,
  author = {OECD},
  title = {Tertiary Education for the Knowledge Society},
  institution = {Thematic Review of Tertiary Education: Synthesis Report},
  year = {2008},
  location = {Paris},
  organization = {OECD Thematic Review of Tertiary Education: Synthesis Report},
  owner = {montxo},
  timestamp = {2014.02.24}
}

@ARTICLE{OspinaPinzon2011,
  author = {Ospina Pinz\'on, Santiago and Saura, Irene Gil},
  title = {Indices nacionales de satisfacci\'on del consumidor. una propuesta
	de revisi\'on de la literatura.},
  journal = {Cuad. admon.ser.organ.},
  year = {2011},
  volume = {24},
  pages = {35-57},
  number = {43},
  month = {julio-diciembre},
  location = {Bogotá (Colombia)},
  owner = {montxo},
  timestamp = {2014.02.27}
}

@BOOK{Pena2002,
  title = {An\'alisis de datos multivariantes},
  publisher = {McGraw-Hill/Interamericana},
  year = {2002},
  author = {Pe\~na, Daniel},
  address = {Madrid},
  isbn = {8448136101},
  owner = {montxo},
  timestamp = {2013.10.11}
}

@MANUAL{RCoreTeam2013,
  title = {R: A Language and Environment for Statistical Computing},
  author = {{R Core Team}},
  organization = {R Foundation for Statistical Computing},
  address = {Vienna, Austria},
  year = {2013},
  note = {{ISBN} 3-900051-07-0},
  owner = {montxo},
  timestamp = {2013.08.02},
  url = {http://www.R-project.org/}
}

@TECHREPORT{Rectorado2011,
  author = {Equipo de Rectorado},
  title = {Mirar para ver. Rendici\'on Social de Cuentas 2011},
  institution = {Universidad de la Rep\'ublica.},
  year = {2011},
  owner = {montxo},
  timestamp = {2014.02.14}
}

@MANUAL{Revelle2013,
  title = {psych: Procedures for Psychological, Psychometric, and Personality
	Research},
  author = {William Revelle},
  organization = { Northwestern University},
  address = { Evanston, Illinois},
  year = {2013},
  note = {R package version 1.3.2},
  owner = {montxo},
  timestamp = {2013.08.02},
  url = {http://CRAN.R-project.org/package=psych}
}

@BOOK{Revelle2004,
  title = {An introduction to psychometric theory with applications in R},
  publisher = {Lawrence Erlbaum Associates, Mahwah, N.J.},
  year = {2004},
  author = {Revelle, W. },
  owner = {montxo},
  timestamp = {2013.08.02}
}

@ARTICLE{Rivera2010,
  author = {Rivera, H. },
  title = {MUDANCA ESTRATEGICA PARA AMBIENTES AGITADOS.},
  journal = {Revista Facultad de Ciencias Econ\'omicas: Investigaci\'on y Reflexi\'on},
  year = {2010},
  volume = {18},
  pages = {87-117},
  number = {1},
  month = {junio},
  owner = {montxo},
  timestamp = {2014.02.24}
}

@ARTICLE{Rosseel2012,
  author = {Yves Rosseel},
  title = {{{lavaan}: An {R} Package for Structural Equation Modeling}},
  journal = {Journal of Statistical Software},
  year = {2012},
  volume = {48},
  pages = {1--36},
  number = {2},
  owner = {montxo},
  timestamp = {2013.08.02},
  url = {http://www.jstatsoft.org/v48/i02/}
}

@ARTICLE{Royero,
  author = {Royero, J.},
  title = {Gesti\'on de Sistemas de Investigaci\'ion Universitaria en Am\'erica
	Latina},
  journal = {Revista Iberoamericana de Educaci\'on},
  owner = {montxo},
  timestamp = {2014.02.14}
}

@TECHREPORT{Ruiz,
  author = {Ruiz, M.},
  title = {Modelos de ecuaciones estructurales},
  institution = {Universidad aut\'onoma de Madrid.},
  owner = {montxo},
  timestamp = {2013.08.02}
}

@ARTICLE{SalinasGutierrez2007,
  author = {Salinas Gutierrez, A. and Martinez Camblor, P.},
  title = {Principales Factores de Satisfacción entre los estudiantes Universitarios.La
	Unidad Acad\'emica Multidisciplinaria de Agronom\'ia y Ciencias de
	la UAT},
  journal = {Revista Internacional de Ciencias Sociales y Humanidades},
  year = {2007},
  volume = {XVII(001)},
  pages = {163-192},
  owner = {montxo},
  timestamp = {2014.02.14}
}

@MANUAL{Sanchez2012,
  title = {PLS Path Modeling with R},
  author = {Gaston Sanchez},
  year = {2012},
  url = {www.gastonsanchez.com}
}

@ARTICLE{Satorra1995,
  author = {Satorra, A. and Muthen, B.},
  title = {Complex sample data in structural equation modeling},
  journal = {Sociological methodology},
  year = {1995},
  volume = {25},
  pages = {267-316},
  owner = {montxo},
  timestamp = {2013.08.02}
}

@ARTICLE{Sobrinho2005,
  author = {Sobrinho, Jos\'e},
  title = {Evaluaci\'on y reformas de la educaci\'on superior en Am\'erica Latina.},
  journal = {Perfiles Educativos},
  year = {2005},
  volume = {27},
  number = {108},
  owner = {montxo},
  timestamp = {2014.02.26}
}

@ARTICLE{Stapleton2008,
  author = {Stapleton, L.},
  title = {Variance Estimation Using Replication Methods in Structural Equation
	Modeling with Complex Sample Data},
  journal = {Structural Equation Modeling},
  year = {2008},
  volume = {15},
  pages = {183-210},
  number = {2},
  owner = {montxo},
  timestamp = {2013.08.02}
}

@ARTICLE{Stapleton2006,
  author = {Stapleton, L.},
  title = {An Assessment of Practical Solutions for Structural Equation Modeling
	with Complex Sample Data},
  journal = {Structural Equation Modeling},
  year = {2006},
  volume = {13},
  pages = {28-58},
  number = {1},
  owner = {montxo},
  timestamp = {2013.08.02}
}

@MANUAL{Tille2013,
  title = {sampling: Survey Sampling},
  author = {Yves Till\'e and Alina Matei},
  year = {2013},
  note = {R package version 2.6},
  timestamp = {2014.02.14},
  url = {http://CRAN.R-project.org/package=sampling}
}

@BOOK{Vieira2006,
  title = {Tendencias de la Educaci\'on Superior Europea e implicaciones para
	la orientaci\'on universitaria},
  year = {2006},
  author = {Vieira, Maria J. and Vidal, Javier},
  owner = {montxo},
  timestamp = {2014.02.26}
}

@ARTICLE{Wallace1999,
  author = {Wallace, J.B.},
  title = {The Case for Student as Customer},
  journal = {Quality Progress,},
  year = {1999},
  volume = {32,},
  pages = {47-51},
  owner = {montxo},
  timestamp = {2014.02.27}
}

@ARTICLE{Webb1997,
  author = {Webb, D. and Jagun, A.},
  title = {Customer Care, Customer Satisfaction, Value, Loyalty and Complaining
	Behavior: validation in a UK University setting},
  journal = {Journal of Consumer Satisfaction, Dissatisfaction an Complaining
	Behavior},
  year = {1997},
  volume = {10(1)},
  pages = {39-151},
  owner = {montxo},
  timestamp = {2014.02.14}
}

@ARTICLE{Yuan1998,
  author = {Yuan, K. and Bentler, P.},
  title = {Normal Theory Based Test Statistics in Structural Equation Modelling},
  journal = {British Journal of Mathematical and Statistical Psychology},
  year = {1998},
  volume = {51},
  pages = {289-309},
  number = {2},
  owner = {montxo},
  timestamp = {2013.08.02}
}

@comment{jabref-meta: selector_publisher:}

@comment{jabref-meta: selector_author:}

@comment{jabref-meta: selector_journal:}

@comment{jabref-meta: selector_keywords:}

